
@article{bachelor,
	title = {\textit{Gibbs objective function for modification of the optimization process in a hybrid quantum algorithm -- A numerical comparison of the performance of a Gibbs function and the expected value of the Hamiltonian as an objective function in a hybrid quantum algorithm applied to the Max-Cut problem}},
	url = {https://stommen.github.io/projects/bsc_thesis/},
	author = {Colliander, William, and Lindgren, Pontus, and Stommendal, Oscar, and Svensson, Elias, and Udd√©n, Felix},
	month = jun,
	year = {2020},
	keywords = {QAOA, Hybrid Quantum Algorithm, Objective Function, Max-Cut, Approximation Ratio, Success Probability, Optimization},
	note = {BSc Thesis}
}
